%% This BibTeX bibliography file was created using BibDesk.
%% https://bibdesk.sourceforge.io/

%% Created for Marc DeGraef at 2025-08-28 18:12:34 -0400 


%% Saved with string encoding Western (ASCII) 



