@article{miller2004a,
	Author = {Peet, M. and Babu, S.S. and Miller, M.K. and Bhadeshia, H.K.D.H.},
	Journal = {Scripta Mater.},
	Pages = {1277-1281},
	Title = {Three-dimensional atom probe analysis of carbon distribution in low-temperature bainite},
	Volume = {50},
	doi = {10.1016/j.scriptamat.2004.02.024},
	Year = {2004}}

@article{seidman2000a,
	Author = {Hellman, O.C. and Vandenbroucke, J.A. and Rusing, J. and Isheim, D. and Seidman, D.N.},
	Journal = {Microscopy and Microanalysis},
	Pages = {437-444},
	Title = {Analysis of three-dimensional atom-probe data by the proximity histogram},
	Volume = {6},
	doi = {10.1007/S100050010051},
	Year = {2000}}
	
@article{hono2005a,
	Author = {Hono, K. and Oh, J.C. and Ohkubo, T. and Mukai, T.},
	Journal = {Scripta Mater.},
	Pages = {675-679},
	Title = {{TEM} and {3DAP} characterization of an age-hardened {Mg-Ca-Zn} alloy},
	Volume = {53},
	doi={10.1016/j.scriptamat.2005.05.030},
	Year = {2005}}

@article{uchic2006a,
	Author = {Uchic, M.D. and Wheeler, R. and De Graef, M. and Dimiduk, D.M.},
	Journal = {Ultramicroscopy},
	Title = {Microstructural tomography of a {Ni}$_{70}${Cr}$_{20}${Al}$_{10}$ superalloy using focused ion beam microscopy},
	doi={10.1016/j.ultramic.2009.05.008},
	Volume={109},
	Pages={1229-1235},
	Year = {2009}}

@article{dunn1999a,
	Author = {Dunn, D.N. and Hull, R.},
	Journal = {App. Phys. Lett.},
	Pages = {3414-3416},
	Title = {Reconstruction of three-dimensional chemistry and geometry using focused ion beam microscopy},
	Volume = {75},
	doi = {10.1063/1.125311},
	Year = {1999}}

@article{alkemper2001a,
	Author = {Alkemper, J. and Voorhees, P.W.},
	Journal = {J. Microscopy},
	Pages = {388-394},
	Title = {Quantitative serial sectioning analysis},
	Volume = {201},
	doi = {10.1046/j.1365-2818.2001.00832.x},
	Year = {2001}}

@article{spowart2003a,
	Author = {Spowart, J.E. and Mullens, H.M. and Puchala, B.T.},
	Journal = {JOM},
	Pages = {35-37},
	Title = {Collecting and analyzing microstructures in three dimensions: a fully automated approach},
	Volume = {55},
	doi = {10.1007/s11837-003-0173-0},
	Year = {2003}}

@article{Echlin2015,
	Author = {M.P. Echlin and M. Straw and S. Randolph and J. Filevich and T.M. Pollock},
	Journal = {Materials Characterization},
	Pages = {1-12},
	Title = {The {T}ri{B}eam system: Femtosecond laser ablation in situ {SEM}},
	Volume = {100},
	doi = {10.1016/j.matchar.2014.10.023},
	Year = {2015}}
	
%% This BibTeX bibliography file was created using BibDesk.
%% https://bibdesk.sourceforge.io/

%% Created for Marc DeGraef at 2025-08-28 18:12:34 -0400 


%% Saved with string encoding Western (ASCII) 



@article{hamilton1844a,
	author = {Hamilton, W.R.},
	date-added = {2025-08-28 18:09:57 -0400},
	date-modified = {2025-08-28 18:12:31 -0400},
	journal = {London Edinburgh Dublin Phil. Mag.},
	pages = {10-13},
	title = {On quaternions; or on a new system of imaginaries in algebra},
	volume = {25},
	year = {1844}}
