%% This BibTeX bibliography file was created using BibDesk.
%% https://bibdesk.sourceforge.io/

%% Created for Marc DeGraef at 2025-08-28 18:12:34 -0400 


%% Saved with string encoding Western (ASCII) 



@article{hamilton1844a,
	author = {Hamilton, W.R.},
	date-added = {2025-08-28 18:09:57 -0400},
	date-modified = {2025-08-28 18:12:31 -0400},
	journal = {London Edinburgh Dublin Phil. Mag.},
	pages = {10-13},
	title = {On quaternions; or on a new system of imaginaries in algebra},
	volume = {25},
	year = {1844}}


@article{degraef2019h,
	author = {Francis, T. and Chesser, I. and Holm, E.A. and De Graef, M.},
	date-added = {2018-06-19 12:58:27 +0000},
	date-modified = {2019-01-14 06:06:03 -0500},
	journal = {Acta Materialia},
	pages = {135-147},
	title = {A new octonion metric for grain boundary interpolations},
	volume = {166},
	year = {2019}}
